@misc{AMQP1.0,
  title = {{OASIS Advanced Message Queuing Protocol (AMQP) Version 1.0}},
  howpublished = "\url{http://docs.oasis-open.org/amqp/core/v1.0/os/amqp-core-transport-v1.0-os.xml}",
  note = "[Online; accessed 17-April-2014]",
  month = "OCT",
  year = "2012",
  organization = "OASIS Standard" 
}

@article{kramer2009advanced,
  title={Advanced message queuing protocol (AMQP)},
  author={Kramer, Joshua},
  journal={Linux Journal},
  volume={2009},
  number={187},
  pages={3},
  year={2009},
  publisher={Belltown Media}
}

@article{o2007toward,
  title={Toward a commodity enterprise middleware},
  author={O'Hara, John},
  journal={Queue},
  volume={5},
  number={4},
  pages={48--55},
  year={2007},
  publisher={ACM}
}

@article{vinoski2006advanced,
  title={Advanced message queuing protocol},
  author={Vinoski, Steve},
  journal={IEEE Internet Computing},
  volume={10},
  number={6},
  pages={87--89},
  year={2006},
  publisher={IEEE Educational Activities Department}
}

@inproceedings{sachs2009benchmarking,
  title={Benchmarking of message-oriented middleware},
  author={Sachs, Kai and Kounev, Samuel and Appel, Stefan and Buchmann, Alejandro},
  booktitle={Proceedings of the Third ACM International Conference on Distributed Event-Based Systems},
  pages={44},
  year={2009},
  organization={ACM}
}

--> Kinda neat, worth a read.
@article{seebacher2013messaging,
  title={Messaging Challenges in a Globally Distributed Network},
  author={Seebacher, Raphael Thomas},
  year={2013}
}

@misc{openamq-eol,
  author = {Pieter Hintjens},
  title = {{iMatix will end OpenAMQ support by 2011}},
  howpublished = "\url{http://lists.openamq.org/pipermail/openamq-dev/2010-March/001598.html}",
  year = {2010}, 
  note = "[Online; accessed 17-April-2014]"
}


@inproceedings{subramoni2008design,
  title={Design and evaluation of benchmarks for financial applications using Advanced Message Queuing Protocol (AMQP) over InfiniBand},
  author={Subramoni, Hari and Marsh, Gregory and Narravula, Sundeep and Lai, Ping and Panda, Dhabaleswar K},
  booktitle={High Performance Computational Finance, 2008. WHPCF 2008. Workshop on},
  pages={1--8},
  year={2008},
  organization={IEEE}
}

@techreport{marsh2010scaling,
  title={Scaling Advanced Message Queuing Protocol (AMQP) Architecture with Broker Federation and InfiniBand},
  author={Marsh, Gregory and Sampat, Ajay P and Potluri, Sreeram and Panda, Dhabaleswar K},
  year={2010},
  institution={technical report, available at ftp://ftp. cse. ohio-state. edu/pub/tech-report/2009/TR17. pdf, accessed on Sept. 8th}
}

@article{maheshwari2005benchmarking,
  title={Benchmarking message-oriented middleware: TIB/RV versus SonicMQ},
  author={Maheshwari, Piyush and Pang, Michael},
  journal={Concurrency and Computation: Practice and Experience},
  volume={17},
  number={12},
  pages={1507--1526},
  year={2005},
  publisher={Wiley Online Library}
}

@article{freeman1996middleware,
  title={Middleware: Link everything to anything-Middleware helps connect multiple client platforms, operating systems, and applications to one or more servers. Another expensive, complicated technology to},
  author={Freeman, Eva},
  journal={Datamation-Highlands Ranch},
  volume={42},
  number={16},
  pages={119--136},
  year={1996},
  publisher={Barrington, Ill., etc.: Technical Pub. Co., etc., 1959-1998.}
}

@misc{Chirino,
  author = {H Chirino},
  title = {{STOMP Messaging Benchmarks: ActiveMQ vs Apollo vs HornetQ vs RabbitMQ}},
  howpublished = "\url{http://hiramchirino.com/blog/2011/12/stomp-messaging-benchmarks-activemq-vs-apollo-vs-hornetq-vs-rabbitmq/}",
  year = {2011}, 
  note = "[Online; accessed 17-April-2014]"
}

@misc{Bayer,
  author = {Thomas Bayer},
  title = {{ActiveMQ, Qpid, HornetQ and RabbitMQ in Comparison}},
  howpublished = "\url{http://predic8.com/activemq-hornetq-rabbitmq-apollo-qpid-comparison.htm}",
  year = {2013}, 
  note = "[Online; accessed 17-April-2014]"
}

@misc{Cameron,
  author = {J. Apps, B. Cameron},
  title = {{AMQP and RabbitMQ - Message Queueing as an Integration Mechanism}},
  howpublished = "\url{http://www.openvms.org/skonetski/Webinar_2012_09_AMQP_RabbitMQ_Message_Queuing_as_Integration_Mechanism.pdf}",
  year = {2012}, 
  note = "[Online; accessed 17-April-2014]"
}

@misc{OASIS,
  title = {{OASIS Homepage}},
  howpublished = "\url{https://www.oasis-open.org/org}",
  note = "[Online; accessed 17-April-2014]"
}

@misc{ORACLE_JMS,
  title = {{ORACLE JMS Tutorial}},
  howpublished = "\url{http://docs.oracle.com/javaee/6/tutorial/doc/bncdq.html}",
  note = "[Online; accessed 17-April-2014]"
}

@misc{OPEN_AMQ,
  title = {{OpenAMQ Homepage}},
  howpublished = "\url{http://www.openamq.org/}",
  note = "[Online; accessed 17-April-2014]"
}

@misc{QPID_HOMEPAGE,
  title = {{Apache Qpid Homepage}},
  howpublished = "\url{http://qpid.apache.org/}",
  note = "[Online; accessed 17-April-2014]"
}

@misc{APOLLO,
  title = {{Apache Apollo Homepage}},
  howpublished = "\url{https://activemq.apache.org/apollo}",
  note = "[Online; accessed 17-April-2014]"
}

@misc{OSU_MICRO_BENCHMARKS,
  title = {{Ohio State University micro benchmarks}},
  howpublished = "\url{http://mvapich.cse.ohio-state.edu/benchmarks}",
  note = "[Online; accessed 17-April-2014]"
}

@misc{REDHAT1,
  title = {{Differences between AMQP 0-10 and AMQP 1.0}},
  howpublished = "\url{https://access.redhat.com/site/documentation/en-US/Red\_Hat_Enterprise_MRG/2/html/Messaging_Programming_Reference/Differences_between_AMQP_0-10_and_AMQP_1.0.html}",
  note = "[Online; accessed 17-April-2014]"
}

@misc{RABBITMQ,
  title = {{RabbitMQ Homepage}},
  howpublished = "\url{http://www.rabbitmq.com}",
  note = "[Online; accessed 17-April-2014]"
}

@misc{RABBITMQ_CLIENTS,
  title = {{RabbitMQ clients}},
  howpublished = "\url{http://www.rabbitmq.com/devtools.html}",
  note = "[Online; accessed 17-April-2014]"
}

@misc{QPID_PROTON,
  title = {{Apache Qpid Proton Library}},
  howpublished = "\url{http://qpid.apache.org/components/messenger/index.html}",
  note = "[Online; accessed 17-April-2014]"
}

@misc{ZERO_MQ,
  title = {{iMatix ZeroMQ homepage}},
  howpublished = "\url{http://zeromq.org/}",
  note = "[Online; accessed 17-April-2014]"
}

@misc{HORNETQ,
  title = {{HornetQ homepage}},
  howpublished = "\url{http://www.jboss.org/hornetq}",
  note = "[Online; accessed 17-April-2014]"
}

@misc{STOMP,
  title = {{STOMP homepage}},
  howpublished = "\url{http://stomp.github.io/}",
  note = "[Online; accessed 17-April-2014]"
}

@misc{RABBITMQ_PROTOCOLS,
  title = {{RabbitMQ transport protocols}},
  howpublished = "\url{http://www.rabbitmq.com/protocols.html}",
  note = "[Online; accessed 17-April-2014]"
}

@misc{UNKNOWN,
  title = {{RabbitMQ Broker architecture overview}},
  howpublished = "\url{http://www.rabbitmq.com/wp-uploads/2010/11/amqp-broker-prototype.pdf}",
  note = "[Online; accessed 17-April-2014]"
}

@misc{Hintjens,
  author = {Pieter Hintjens},
  title = {{What is wrong with AMQP}},
  howpublished = "\url{http://www.imatix.com/articles:whats-wrong-with-amqp/}",
  note = "[Online; accessed 17-April-2014]"
}

@misc{LSHIFT,
  title = {{LShift Homepage}},
  howpublished = "\url{http://www.lshift.net/blog/2010/04/13/rabbitmq-2}",
  note = "[Online; accessed 17-April-2014]"
}

@misc{PIVOTAL,
  title = {{PIVOTAL Homepage}},
  howpublished = "\url{http://www.gopivotal.com/support}",
  note = "[Online; accessed 17-April-2014]"
}

@misc{HORNETQ_ROADMAP,
  title = {{HORNETQ Roadmap}},
  howpublished = "\url{https://community.jboss.org/wiki/Roadmap}",
  note = "[Online; accessed 17-April-2014]"
}

@misc{AMQP_SPECS,
  title = {{AMQP Specifications}},
  howpublished = "\url{http://www.amqp.org/specification}",
  note = "[Online; accessed 17-April-2014]"
}

@misc{AMQP,
  title = {{AMQP Working Group Transitions to OASIS Member Section}},
  howpublished = "\url{http://www.amqp.org/node/54}",
  year = {2011}, 
  note = "[Online; accessed 17-April-2014]"
}

@misc{AMQP_VERSION_COMPATIBILITY,
  title = {{Backwards compatibility of AMQP versions}},
  howpublished = "\url{http://www.amqp.org/resources/download}",
  note = "[Online; accessed 17-April-2014]"
}

@misc{OPENWIRE,
  title = {{Default protocol of ApacheMQ}},
  howpublished = "\url{http://activemq.apache.org/openwire.html}",
  note = "[Online; accessed 17-April-2014]"
}

@misc{XMPP,
  title = {{XMPP Standards Foundation}},
  howpublished = "\url{http://xmpp.org/}",
  note = "[Online; accessed 17-April-2014]"
}

@article{zimmermann1980osi,
  title={OSI reference model--The ISO model of architecture for open systems interconnection},
  author={Zimmermann, Hubert},
  journal={Communications, IEEE Transactions on},
  volume={28},
  number={4},
  pages={425--432},
  year={1980},
  publisher={IEEE}
}

@misc{MQTT,
  title = {{MQTT Telemetry Transport}},
  howpublished = "\url{http://mqtt.org/}",
  note = "[Online; accessed 17-April-2014]"
}

@misc{ACTIVEMQ,
  title = {{Apache ActiveMQ Homepage}},
  howpublished = "\url{http://activemq.apache.org}",
  note = "[Online; accessed 17-April-2014]"
}












